@article{einstein,
    author =       "Albert Einstein",
    title =        "{Zur Elektrodynamik bewegter K{\"o}rper}. ({German})
        [{On} the electrodynamics of moving bodies]",
    journal =      "Annalen der Physik",
    volume =       "322",
    number =       "10",
    pages =        "891--921",
    year =         "1905",
    DOI =          "http://dx.doi.org/10.1002/andp.19053221004"
}
 
@book{latexcompanion,
    author    = "Michel Goossens and Frank Mittelbach and Alexander Samarin",
    title     = "The \LaTeX\ Companion",
    year      = "1993",
    publisher = "Addison-Wesley",
    address   = "Reading, Massachusetts"
}
 
@misc{knuthwebsite,
    author    = "Donald Knuth",
    title     = "Knuth: Computers and Typesetting",
    url       = "http://www-cs-faculty.stanford.edu/\~{}uno/abcde.html"
}

@book{newman1998qualitative,
  title={Qualitative-quantitative Research Methodology: Exploring the Interactive Continuum},
  author={Newman, I. and Benz, C.R.},
  isbn={9780809321506},
  lccn={97023117},
  url={https://books.google.ie/books?id=xumf1ABFz8cC},
  year={1998},
  publisher={Southern Illinois University Press}
}

@misc{XPphoto,
    title     = "http://www.kean.edu/~tabraham/mis/Development/developnotes.html"  
}

@misc{TDDphoto,
    title     = "http://www.agilenutshell.com/"  
}

@misc{MEANphoto,
    title     = "https://www.quora.com/What-are-the-advantages-of-developing-with-the-MEAN-stack-mongoDB-Express-js-Angular-js-Node-js "  
}

@misc{mongoDB,
    title     = "https://www.mongodb.com/"  
}
@misc{JsonBson,
    title     = "https://www.mongodb.com/json-and-bson"  
}

@misc{Mongoose,
    title     = "http://mongoosejs.com/"  
}
@misc{Express,
    title     = "https://expressjs.com/"  
}

@misc{TypeScript,
    title     = "https://www.typescriptlang.org/"  
}
@misc{Angular,
    title     = "https://angularjs.org/"  
}
@misc{MVCphoto,
    title     = "http://csharpcorner.mindcrackerinc.netdna-cdn.com/UploadFile/3d39b4/Asp-Net-mvc-introduction/"  
}

@misc{Node,
    title     = "https://nodejs.org/en/"  
}
@misc{Ionic,
    title     = "https://ionicframework.com/"  
}
v
@misc{Cordova,
    title     = "https://cordova.apache.org/"  
}
@misc{Json,
    title     = "http://www.json.org/"  
}
@misc{HTTP,
    title     = "http://searchwindevelopment.techtarget.com/definition/HTTP"  
}
@misc{REST,
    title     = "https://www.ics.uci.edu/~fielding/pubs/dissertation/rest_arch_style.htm"  
}

@misc{postman,
    title     = "https://www.getpostman.com/"  
}

